@inproceedings{kakade2008efficient,
  title={Efficient bandit algorithms for online multiclass prediction},
  author={Kakade, Sham M and Shalev-Shwartz, Shai and Tewari, Ambuj},
  booktitle={Proceedings of the 25th international conference on Machine learning},
  pages={440--447},
  year={2008}
}

@article{crammer2003ultraconservative,
  title={Ultraconservative online algorithms for multiclass problems},
  author={Crammer, Koby and Singer, Yoram},
  journal={Journal of Machine Learning Research},
  volume={3},
  number={Jan},
  pages={951--991},
  year={2003}
}

@article{rosenblatt1958perceptron,
  title={The perceptron: a probabilistic model for information storage and organization in the brain.},
  author={Rosenblatt, Frank},
  journal={Psychological review},
  volume={65},
  number={6},
  pages={386},
  year={1958},
  publisher={American Psychological Association}
}

@inproceedings{fink2006online,
  title={Online multiclass learning by interclass hypothesis sharing},
  author={Fink, Michael and Shalev-Shwartz, Shai and Singer, Yoram and Ullman, Shimon},
  booktitle={Proceedings of the 23rd international conference on Machine learning},
  pages={313--320},
  year={2006}
}

@inproceedings{beygelzimer2019bandit,
  title={Bandit multiclass linear classification: Efficient algorithms for the separable case},
  author={Beygelzimer, Alina and P{\'a}l, D{\'a}vid and Szorenyi, Balazs and Thiruvenkatachari, Devanathan and Wei, Chen-Yu and Zhang, Chicheng},
  booktitle={International Conference on Machine Learning},
  pages={624--633},
  year={2019},
  organization={PMLR}
}

@online{wine1999,
    author = {Cortez, Paulo and Cerdeira, Antonio and Almeida,Fernando and Matos, Telmo and Reis, Jose},
    title  ={Modeling wine preferences by data mining from physicochemical properties},
    year   = {2009},
    url    = {https://archive.ics.uci.edu/ml/datasets/wine+quality}
}

@misc{iris2019 ,
author ={Dua, Dheeru and Graff, Casey},
year = {2017},
title = "{UCI} Machine Learning Repository",
url = "http://archive.ics.uci.edu/ml",
institution = "University of California, Irvine, School of Information and Computer Sciences"
}